@book{highoutput,
  title={High Output Management},
  author={Grove, Andrew S.},
  year={1983},
  publisher={Vintage}
}