@book{pearl2018book,
  title={The Book of Why: The New Science of Cause and Effect},
  author={Pearl, Judea and Mackenzie, Dana},
  year={2018},
  publisher={Basic Books}
}
@article{pearl1999probabilities,
  title={Probabilities of causation: three counterfactual interpretations and their identification},
  author={Pearl, Judea},
  journal={Synthese},
  volume={121},
  number={1-2},
  pages={93--149},
  year={1999},
  publisher={Springer}
}
@article{pearl2014interpretation,
  title={Interpretation and identification of causal mediation.},
  author={Pearl, Judea},
  journal={Psychological methods},
  volume={19},
  number={4},
  pages={459},
  year={2014},
  publisher={American Psychological Association}
}
@article{pearl2014external,
  title={External validity: From do-calculus to transportability across populations},
  author={Pearl, Judea and Bareinboim, Elias},
  journal={Statistical Science},
  pages={579--595},
  year={2014},
  publisher={JSTOR}
}
@inproceedings{andrychowicz2017hindsight,
  title={Hindsight experience replay},
  author={Andrychowicz, Marcin and Wolski, Filip and Ray, Alex and Schneider, Jonas and Fong, Rachel and Welinder, Peter and McGrew, Bob and Tobin, Josh and Abbeel, OpenAI Pieter and Zaremba, Wojciech},
  booktitle={Advances in Neural Information Processing Systems},
  pages={5048--5058},
  year={2017}
}